<?xml version="1.0" encoding="UTF-8"?><collection xmlns="http://www.loc.gov/MARC21/slim"><record><leader>00435nam--2200157-u-4500</leader><controlfield tag="001">000056316</controlfield><controlfield tag="002">20161230</controlfield><controlfield tag="005">20161230201052</controlfield><controlfield tag="008">150609s1000------------r-----000-0-eng-d</controlfield><datafield ind1=" " ind2=" " tag="040"><subfield code="a">IFIN-HH</subfield></datafield><datafield ind1="1" ind2=" " tag="100"><subfield code="a">Harmuth, Henning F</subfield></datafield><datafield ind1="1" ind2="0" tag="245"><subfield code="a">Information theory applied to space-time physics</subfield><subfield code="c">Henning f. harmuth</subfield></datafield><datafield ind1=" " ind2=" " tag="260"><subfield code="a">Singapore</subfield><subfield code="b">World Scientific</subfield><subfield code="c">1992</subfield></datafield><datafield ind1=" " ind2=" " tag="300"><subfield code="a">XII+306P</subfield></datafield><datafield ind1=" " ind2=" " tag="852"><subfield code="a">82400</subfield><subfield code="c">530.1</subfield></datafield><datafield ind1=" " ind2=" " tag="CAT"><subfield code="a">Sys</subfield><subfield code="c">20150610</subfield><subfield code="h">094320</subfield></datafield></record></collection>